<record><leader>01771nam a2200445 i 4500</leader><controlfield tag="001">6812782</controlfield><controlfield tag="003">FlBoTFG</controlfield><controlfield tag="005">20150218112339.0</controlfield><controlfield tag="006">m|||||o||d||||||||</controlfield><controlfield tag="007">cr||||</controlfield><controlfield tag="008">150218s2015    onc     o     001 0 eng d</controlfield><datafield ind1=" " ind2=" " tag="020"><subfield code="a">9781482251852 (e-book : PDF)</subfield></datafield><datafield ind1=" " ind2=" " tag="035"><subfield code="a">ocn903644048</subfield></datafield><datafield ind1=" " ind2=" " tag="039"><subfield code="a">exclude</subfield></datafield><datafield ind1=" " ind2=" " tag="040"><subfield code="a">FlBoTFG</subfield><subfield code="b">eng</subfield><subfield code="c">FlBoTFG</subfield><subfield code="e">rda</subfield><subfield code="d">AEU</subfield></datafield><datafield ind1=" " ind2="4" tag="050"><subfield code="a">QD381</subfield><subfield code="b">.K44 2015</subfield></datafield><datafield ind1=" " ind2=" " tag="090"><subfield code="a">Internet Access</subfield><subfield code="b">AEU</subfield></datafield><datafield ind1="0" ind2="0" tag="245"><subfield code="a">Key technologies in polymer chemistry /</subfield><subfield code="c">editors, Nikolay D. Morozkin, DSc., Vadim P. Zakharov, DSc., and Gennady E. Zaikov, DSc.</subfield></datafield><datafield ind1=" " ind2="1" tag="264"><subfield code="a">Toronto :</subfield><subfield code="b">Apple Academic Press,</subfield><subfield code="c">2015.</subfield></datafield><datafield ind1=" " ind2=" " tag="300"><subfield code="a">1 online resource.</subfield></datafield><datafield ind1=" " ind2=" " tag="336"><subfield code="a">text</subfield><subfield code="b">txt</subfield><subfield code="2">rdacontent</subfield></datafield><datafield ind1=" " ind2=" " tag="337"><subfield code="a">computer</subfield><subfield code="b">c</subfield><subfield code="2">rdamedia</subfield></datafield><datafield ind1=" " ind2=" " tag="338"><subfield code="a">online resource</subfield><subfield code="b">cr</subfield><subfield code="2">rdacarrier</subfield></datafield><datafield ind1="1" ind2=" " tag="490"><subfield code="a">AAP research notes on polymer engineering science and technology</subfield></datafield><datafield ind1=" " ind2=" " tag="500"><subfield code="a">Results of research by Bashkir State University, Ufa, Russia.</subfield></datafield><datafield ind1=" " ind2=" " tag="500"><subfield code="a">Includes index.</subfield></datafield><datafield ind1=" " ind2=" " tag="506"><subfield code="a">Access restricted to authorized users and institutions.</subfield></datafield><datafield ind1=" " ind2=" " tag="596"><subfield code="a">44</subfield></datafield><datafield ind1=" " ind2="0" tag="650"><subfield code="a">Polymers.</subfield></datafield><datafield ind1=" " ind2="0" tag="650"><subfield code="a">Supramolecular chemistry.</subfield></datafield><datafield ind1=" " ind2="0" tag="650"><subfield code="a">Chemistry.</subfield></datafield><datafield ind1=" " ind2="7" tag="655"><subfield code="a">Electronic books.</subfield><subfield code="2">lcsh</subfield></datafield><datafield ind1="1" ind2=" " tag="700"><subfield code="a">Morozkin, Nikolay D.,</subfield><subfield code="e">editor.</subfield></datafield><datafield ind1="1" ind2=" " tag="700"><subfield code="a">Zakharov, Vadim P.</subfield><subfield code="q">(Vadim Petrovich),</subfield><subfield code="e">editor.</subfield></datafield><datafield ind1="1" ind2=" " tag="700"><subfield code="a">Zaikov, G. E.</subfield><subfield code="q">(Gennadi&#301; Efremovich),</subfield><subfield code="d">1935-</subfield><subfield code="e">editor.</subfield></datafield><datafield ind1="2" ind2=" " tag="710"><subfield code="a">Bashqort d&#259;u&#775;l&#259;t universitety.</subfield></datafield><datafield ind1=" " ind2="0" tag="830"><subfield code="a">AAP research notes on polymer engineering science and technology.</subfield></datafield><datafield ind1="4" ind2="0" tag="856"><subfield code="3">University of Alberta Access</subfield><subfield code="u">http://marc.crcnetbase.com/isbn/9781482251852</subfield><subfield code="z">(Unlimited Concurrent Users)</subfield></datafield><datafield ind1=" " ind2=" " tag="949"><subfield code="h">UAIN</subfield><subfield code="z">CRC</subfield></datafield><datafield ind1=" " ind2=" " tag="926"><subfield code="a">Internet Access</subfield><subfield code="w">LC</subfield><subfield code="c">1</subfield><subfield code="i">6812782-1001</subfield><subfield code="l">INTERNET</subfield><subfield code="m">UAINTERNET</subfield><subfield code="r">Y</subfield><subfield code="s">Y</subfield><subfield code="t">E-RESOURCE</subfield><subfield code="u">2/26/2015</subfield><subfield code="x">E-BOOK</subfield><subfield code="z">CRC</subfield></datafield></record>